
    <marc:record>
        <marc:leader>02584cpcaa2200433Ii 4500</marc:leader>
        <marc:controlfield tag="001">000894222</marc:controlfield>
        <marc:controlfield tag="005">20200423161556.0</marc:controlfield>
        <marc:controlfield tag="008">891208i18861897pau                 eng d</marc:controlfield>
        <marc:datafield tag="035" ind1=" " ind2=" ">
            <marc:subfield code="a">20748444</marc:subfield>
        </marc:datafield>
        <marc:datafield tag="040" ind1=" " ind2=" ">
            <marc:subfield code="a">NDD</marc:subfield>
            <marc:subfield code="b">eng</marc:subfield>
            <marc:subfield code="e">rda</marc:subfield>
            <marc:subfield code="e">dacs</marc:subfield>
            <marc:subfield code="c">NDD</marc:subfield>
            <marc:subfield code="d">OCL</marc:subfield>
            <marc:subfield code="d">OCLCQ</marc:subfield>
            <marc:subfield code="d">OCLCO</marc:subfield>
            <marc:subfield code="d">OCLCQ</marc:subfield>
            <marc:subfield code="d">OCLCF</marc:subfield>
            <marc:subfield code="d">OCLCA</marc:subfield>
            <marc:subfield code="d">NDD</marc:subfield>
        </marc:datafield>
        <marc:datafield tag="041" ind1=" " ind2=" ">
            <marc:subfield code="a">eng</marc:subfield>
        </marc:datafield>
        <marc:datafield tag="043" ind1=" " ind2=" ">
            <marc:subfield code="a">n-us-pa</marc:subfield>
        </marc:datafield>
        <marc:datafield tag="049" ind1=" " ind2=" ">
            <marc:subfield code="a">NDDP</marc:subfield>
        </marc:datafield>
        <marc:datafield tag="100" ind1="1" ind2=" ">
            <marc:subfield code="a">Hoover, Edward,</marc:subfield>
            <marc:subfield code="0">http://id.loc.gov/authorities/names/n85300888</marc:subfield>
            <marc:subfield code="e">creator.</marc:subfield>
        </marc:datafield>
        <marc:datafield tag="245" ind1="1" ind2="0">
            <marc:subfield code="a">Edward Hoover letters,</marc:subfield>
            <marc:subfield code="f">1886-1897.</marc:subfield>
        </marc:datafield>
        <marc:datafield tag="264" ind1=" " ind2="0">
            <marc:subfield code="c">1886-1897.</marc:subfield>
        </marc:datafield>
        <marc:datafield tag="300" ind1=" " ind2=" ">
            <marc:subfield code="a">30 items</marc:subfield>
        </marc:datafield>
        <marc:datafield tag="336" ind1=" " ind2=" ">
            <marc:subfield code="a">text</marc:subfield>
            <marc:subfield code="b">txt</marc:subfield>
            <marc:subfield code="2">rdacontent</marc:subfield>
        </marc:datafield>
        <marc:datafield tag="337" ind1=" " ind2=" ">
            <marc:subfield code="a">unmediated</marc:subfield>
            <marc:subfield code="b">n</marc:subfield>
            <marc:subfield code="2">rdamedia</marc:subfield>
        </marc:datafield>
        <marc:datafield tag="338" ind1=" " ind2=" ">
            <marc:subfield code="a">sheet</marc:subfield>
            <marc:subfield code="b">nb</marc:subfield>
            <marc:subfield code="2">rdacarrier</marc:subfield>
        </marc:datafield>
        <marc:datafield tag="545" ind1=" " ind2=" ">
            <marc:subfield code="a">Edward Hoover was a farmer, of Franklin County, Pennsylvania.</marc:subfield>
        </marc:datafield>
        <marc:datafield tag="520" ind1="8" ind2=" ">
            <marc:subfield code="a">Letters of Hoover giving detailed accounts of farm life, farming methods, prices of crops, and church activities, including revivals, love feasts, and preaching.</marc:subfield>
        </marc:datafield>
        <marc:datafield tag="600" ind1="1" ind2="0">
            <marc:subfield code="a">Hoover, Edward.</marc:subfield>
            <marc:subfield code="0">http://id.loc.gov/authorities/names/n85300888</marc:subfield>
        </marc:datafield>
        <marc:datafield tag="650" ind1=" " ind2="0">
            <marc:subfield code="a">Agriculture</marc:subfield>
            <marc:subfield code="z">Pennsylvania.</marc:subfield>
            <marc:subfield code="0">http://id.loc.gov/authorities/subjects/sh2009114465</marc:subfield>
        </marc:datafield>
        <marc:datafield tag="650" ind1=" " ind2="0">
            <marc:subfield code="a">Farm life</marc:subfield>
            <marc:subfield code="0">http://id.loc.gov/authorities/subjects/sh85047218</marc:subfield>
            <marc:subfield code="z">Pennsylvania</marc:subfield>
            <marc:subfield code="z">Franklin County.</marc:subfield>
            <marc:subfield code="0">http://id.loc.gov/authorities/names/n80013597</marc:subfield>
        </marc:datafield>
        <marc:datafield tag="651" ind1=" " ind2="0">
            <marc:subfield code="a">Franklin County (Pa.)</marc:subfield>
            <marc:subfield code="0">http://id.loc.gov/authorities/names/n80013597</marc:subfield>
            <marc:subfield code="x">Religious life and customs.</marc:subfield>
            <marc:subfield code="0">http://id.loc.gov/authorities/subjects/sh00007603</marc:subfield>
        </marc:datafield>
        <marc:datafield tag="651" ind1=" " ind2="0">
            <marc:subfield code="a">Franklin County (Pa.)</marc:subfield>
            <marc:subfield code="0">http://id.loc.gov/authorities/names/n80013597</marc:subfield>
            <marc:subfield code="x">Social life and customs.</marc:subfield>
            <marc:subfield code="0">http://id.loc.gov/authorities/subjects/sh2001008851</marc:subfield>
        </marc:datafield>
        <marc:datafield tag="650" ind1=" " ind2="0">
            <marc:subfield code="a">Love feasts.</marc:subfield>
            <marc:subfield code="0">http://id.loc.gov/authorities/subjects/sh85078531</marc:subfield>
        </marc:datafield>
        <marc:datafield tag="651" ind1=" " ind2="0">
            <marc:subfield code="a">Pennsylvania</marc:subfield>
            <marc:subfield code="0">http://id.loc.gov/authorities/names/n79022911</marc:subfield>
            <marc:subfield code="x">Religious life and customs.</marc:subfield>
            <marc:subfield code="0">http://id.loc.gov/authorities/subjects/sh00007603</marc:subfield>
        </marc:datafield>
        <marc:datafield tag="651" ind1=" " ind2="0">
            <marc:subfield code="a">Pennsylvania</marc:subfield>
            <marc:subfield code="x">Social life and customs.</marc:subfield>
            <marc:subfield code="0">http://id.loc.gov/authorities/subjects/sh85099540</marc:subfield>
        </marc:datafield>
        <marc:datafield tag="650" ind1=" " ind2="0">
            <marc:subfield code="a">Revivals</marc:subfield>
            <marc:subfield code="0">http://id.loc.gov/authorities/subjects/sh85113445</marc:subfield>
            <marc:subfield code="z">Pennsylvania</marc:subfield>
            <marc:subfield code="z">Franklin County.</marc:subfield>
            <marc:subfield code="0">http://id.loc.gov/authorities/names/n80013597</marc:subfield>
        </marc:datafield>
        <marc:datafield tag="650" ind1=" " ind2="7">
            <marc:subfield code="a">Agriculture.</marc:subfield>
            <marc:subfield code="2">fast</marc:subfield>
            <marc:subfield code="0">http://id.worldcat.org/fast/801355</marc:subfield>
        </marc:datafield>
        <marc:datafield tag="650" ind1=" " ind2="7">
            <marc:subfield code="a">Farm life.</marc:subfield>
            <marc:subfield code="2">fast</marc:subfield>
            <marc:subfield code="0">http://id.worldcat.org/fast/921052</marc:subfield>
        </marc:datafield>
        <marc:datafield tag="650" ind1=" " ind2="7">
            <marc:subfield code="a">Love feasts.</marc:subfield>
            <marc:subfield code="2">fast</marc:subfield>
            <marc:subfield code="0">http://id.worldcat.org/fast/1002804</marc:subfield>
        </marc:datafield>
        <marc:datafield tag="650" ind1=" " ind2="7">
            <marc:subfield code="a">Manners and customs.</marc:subfield>
            <marc:subfield code="2">fast</marc:subfield>
            <marc:subfield code="0">http://id.worldcat.org/fast/1007815</marc:subfield>
        </marc:datafield>
        <marc:datafield tag="650" ind1=" " ind2="7">
            <marc:subfield code="a">Revivals.</marc:subfield>
            <marc:subfield code="2">fast</marc:subfield>
            <marc:subfield code="0">http://id.worldcat.org/fast/1096567</marc:subfield>
        </marc:datafield>
        <marc:datafield tag="651" ind1=" " ind2="7">
            <marc:subfield code="a">Pennsylvania.</marc:subfield>
            <marc:subfield code="2">fast</marc:subfield>
            <marc:subfield code="0">http://id.worldcat.org/fast/1204598</marc:subfield>
        </marc:datafield>
        <marc:datafield tag="651" ind1=" " ind2="7">
            <marc:subfield code="a">Pennsylvania</marc:subfield>
            <marc:subfield code="z">Franklin County.</marc:subfield>
            <marc:subfield code="2">fast</marc:subfield>
            <marc:subfield code="0">http://id.worldcat.org/fast/1207627</marc:subfield>
        </marc:datafield>
        <marc:datafield tag="905" ind1=" " ind2=" ">
            <marc:subfield code="a">MARCIVE 20200818</marc:subfield>
        </marc:datafield>
    </marc:record>
    
    
    
    
</marc:collection>
